@misc{1,
    author    = "OWASP",
    title     = "OWASP Top 10",
    howpublished = "\url{https://github.com/OWASP/Top10/raw/master/2017/OWASP%20Top%2010%20-%202017%20RC1-English.pdf}"
}

@misc{2,
    title     = "webgoat",
    howpublished = "\url{https://github.com/WebGoat/WebGoat}"
}

@misc{3,
    title     = "libcurl",
    howpublished = "\url{https://curl.haxx.se/libcurl/c/libcurl.html}"
}

@misc{6,
    title     = "getinfo",
    howpublished = "\url{https://curl.haxx.se/libcurl/c/getinfo.html}"
}
 
@misc{5,
    title     = "post",
    howpublished = "\url{https://curl.haxx.se/libcurl/c/http-post.html}"
}
 
@misc{4,
    title     = "href",
    howpublished = "\url{https://curl.haxx.se/libcurl/c/href_extractor.html}"
}
